@mastersthesis{diplomski_Karla_Salamun,
	author = {Karla Salamun},
	school  = {Sveučilište u Zagrebu, Fakultet elektrotehnike i računarstva},
	title   = {Primjena genetskog programiranja za raspoređivanje zadataka u sustavima za rad u stvarnom vremenu},
	year = {2020}
	type = {Diplomski rad}
}

@book{knjiga_buttazzo,
	author = {Giorgio C. Buttazzo},
	title   = {Hard real time computing systems},
	year = {2011},
	publisher = {Springer  Science+Business  Media}
	note = "Third edition",
}

@booklet{clanak_1,
	author = {Tomas Docekal, Zdenek Slanina},
	title   = {Control System Based on FreeRTOS for Data Acquisition and Distribution on Swarm Robotics Platform},
	year = {2017},
	school  = {Department of Cybernetics and Biomedical Engineering VSB-TU Ostrava }
}

@booklet{clanak_2,
	author = {Guillem Bernat, Alan Burns, Albert LlamosõÂ},
	title   = {Weakly Hard Real-Time Systems},
	year = {2001},
	school  = {IEEE TRANSACTIONS ON COMPUTERS}
}

@booklet{clanak_3,
	author = {Giorgio C. Buttazzo},
	title   = {Handling Overload Conditions in Real-Time Systems},
	year = {2012},
}

@booklet{clanak_4,
	author = {Audrey Queudet-Marchand and Maryline Chetto},
	title   = {Quality of Service Scheduling in the Firm Real-Time Systems},
	school  = {University of Nantes, IRCCyN UMR CNRS 6597}
}

@booklet{clanak_5,
	author = {M. Naeem Shehzad, A.M. Déplanche, Yvon Trinquet, Umer Farooq},
	title   = {Efﬁcient data generation for the testing of real-time multiprocessor scheduling algorithms.},
	year = {2014}
}

@booklet{clanak_6,
	author = {Paul Emberson, Roger Stafford and Robert I. Davis},
	title   = {Techniques For The Synthesis Of Multiprocessor Tasksets},
	year = {2010}
}

@booklet{clanak_7,
	author = {A. Gambier},
	title   = {Real-time Control Systems: A Tutorial},
}

@booklet{jelenkovic_skripta,
	author = {Leonardo Jelenković},
	title   = {Sustavi za rad u stvarnom vremenu},
	year = {2021},
	school  = {Sveučilište u Zagrebu, Fakultet elektrotehnike i računarstva}
}
